@ARTICLE{Buzk2011,
author={V. Buzko and I. Sukhno and A. Polushin and D. Kashaev},
year={2011},
journal={Int. J. Quantum Chem.}, 
volume={111},
pages={11}
}
 
@ARTICLE{Ciup2010,
author={J. Ciupka and X. Cao-Dolg and J. Wiebke and M. Dolg},
year={2010},
journal={Phys. Chem. Chem. Phys.},
volume={12},
pages={13215}
}

@ARTICLE{Kuta2010,
author={J. Kuta and A. E. Clark},
year={2010},
journal={Inor. Chem.},
volume={49},
pages={7808}
}

@ARTICLE{Ishi2002,
author={S. Ishiguro and Y. Umebayashi},
year={2002},
journal={Coord. Chem. Rev.},
volume={226},
pages={103}
}

@ARTICLE{Hamm2008,
author={A. D. Hammerich and V. Buch},
year={2008},
journal={J. Chem. Phys.},
volume={128},
pages={111101}
}

@ARTICLE{Hohe1964,
author={P. Hohenberg and W. Khon},
year={1964},
journal={Phys. Rev. B },
volume={136},
pages={864}
}

@ARTICLE{Yang2005,
author={J. Yang and M. Dolg },
year={2005},
journal={Theor. Chem. Acc.},
volume={113},
pages={212}
}

@ARTICLE{Cao2001,
author={X. Cao and M. Dolg},
year={2001},
journal={J. Chem. Phys.},
volume={115},
pages={7348}
}

@ARTICLE{Cao2002,
author={X. Cao and M. Dolg},
year={2002},
journal={J. Molec. Struct. (Theomchem)},
volume={581},
pages={139}
}

@ARTICLE{Dolg1989,
author={M. Dolg and H. Stoll and A. Savin and H. Preuss},
year={1989},
journal={Theor. Chim. Acta},
volume={75},
pages={173}
}

@ARTICLE{Dolg1993,
author={M. Dolg and H. Stoll and H. Preuss},
year={1993},
journal={Theor. Chim. Acta},
volume={85},
pages={441}
}

@ARTICLE{Dolg2012,
author={M. Dolg and X. Cao},
year={2012},
journal={Chem. Rev.},
volume={112},
pages={403}
}

@ARTICLE{Grim2003,
author={S. Grimme},
year={2003},
journal={J. Chem. Phys},
volume={118},
pages={9095}
}

@ARTICLE{Grim2012,
author={S. Grimme and L. Goerigk and R. F. Fink},
year={2012},
journal={WIREs Comput Mol Sci},
volume={2},
pages={886}
}

@ARTICLE{Toma2005,
author={J. Tomasi and B. Mannucci and R. Cammi},
year={2005},
journal={Chem. Rev.},
volume={105},
pages={2999}
}

@ARTICLE{Dang2012,
author={P. D`Angelo and R. Spezia },
year={2012},
journal={Chem. Eur. J.},
volume={18},
pages={11162}
}

@ARTICLE{Dang2011,
author={P. D`Angelo and A. Zitolo and V. Migliorati and G. Chillemi
and M. Duvail and P. Vitorge and S. Abadie and R. Spezia},
year={2011},
journal={Inorg. Chem.},
volume={50},
pages={4572}
}

@ARTICLE{Bunz2006,
author={G. B\"unzli},
year={2006},
journal={Acc. Chem. Res.},
volume={39},
pages={53}
}

@ARTICLE{Dunn1989,
author={T. H. Dunning, Jr.},
year={1989},
journal={J. Chem. Phys.},
volume={90},
pages={1007}
}

@ARTICLE{Helm2005,
author={L. Helm and E. Merbach},
year={2005},
journal={Chem. Rev.},
volume={105},
pages={1923}
}

@ARTICLE{Ohta1993,
author={H. Ohtaki},
year={1993},
journal={Chem. Rev.},
volume={93},
pages={1157}
}
 
@ARTICLE{Jesk1985,
author={G. Jeske and H. Lauke and H. Mauermann and H. Schumann and T. Marks},
year={1985},
journal={J. Am. Chem. Soc.},
volume={107},
pages={8111}
}

@ARTICLE{Rao1989,
author={C. N. R. Rao and B. Raveau},
year={1989},
journal={Acc. Chem. Res.},
volume={22},
pages={106}
}

@ARTICLE{Cund1993,
author={T. R. Cundari and W. J. Stevens},
year={1993},
journal={J. Chem. Phys.},
volume={98},
pages={5555}
}

@BOOK{Kur199901,
author={A. Kuri},
year={1999},
title={A comprehensive approach to genetic algorithms in 
optimization and learning theory and applications},
address={M\'exico},
publisher={Instituto Polit\'ectino Nacional},
pages={1999}
}

@BOOK{Sadu1999,
author={R. J. Sadus},
year={2002},
title={Molecular Simulation of Fluids: Theory, Algorithms and 
Object-Orientation},
address={Holanda},
publisher={Elsevier},
edition={Segunda},
pages={523}
}

@BOOK{Levi2001,
author={I. N. Levine},
year={2001},
title={Qu\'imica Cu\'antica},
address={Espa\~na},
publisher={Pearson Educaci\'on},
edition={Quinta},
pages={736}
}

@BOOK{Bere2007,
author={H. J. C. Berendsen},
year={2007},
title={Simulating the Physical World: Hierarchical Modeling from 
Quantum to Fluid Dynamics},
address={Reino Unido},
publisher={Cambridge University},
edition={Primera},
pages={596}
}

@ARTICLE{Hern2005,
author={J. Hern\'andez-Cobos and H. Saint-Martin and A. D. Mackie and
L. F. Vega and I. Ortega-Blake},
year={2005},
journal={J. Chem. Phys.},
volume={123},
pages={044506}
}

@MASTERSTHESIS{rayon,
author={V. Herrera},
year={2009},
title={Algoritmos gen\'eticos para la soluci\'on de problemas con 
respuesta m\'ultiples},
school={ITH},
address={Hermosillo, Sonora, M\'exico.},
pages={101}
}

@ARTICLE{Sain2000,
author={H. Saint-Martin and J. Hern\'andez-Cobos and M. I. 
Bernal-Uruchurtu and I. Ortega-Blake and H. J. C. Berendsen},
year={2000},
journal={J. Chem. Phys.},
volume={113},
pages={10899}
}

@ARTICLE{Bady2000,
author={Y. S. Badyal and M. -L. Saboungi and D. L. Shastri and D. R.
Haeffner and A. K. Soper},
year={2000},
journal={J. Chem. Phys.},
volume={112},
pages={9206}
}

@ARTICLE{Clou1973,
author={S. A. Clough and Y. Beers and G. P. Klein and L. S. Rothman},
year={1973},
journal={J. Chem. Phys.},
volume={59},
pages={2254}
}

@ARTICLE{Mori1997,
author={N. W. Moriarty and G. Karlstr\"om},
year={1997},
journal={J. Chem. Phys.},
volume={106},
pages={6470}
}

@ARTICLE{Vill2009,
author={A. Villa and B. Hess and H. Saint-Martin},
year={2009},
journal={J. Phys. Chem. B},
volume={113},
pages={7270}
}

@INBOOK{Huhe1981,
author={J. E. Huheey},
year={1981},
title={Qu\'imica Org\'anica},
chapter={16},
publisher={Harla},
address={M\'exico},
edition={Segunda},
pages={730-738}
}

@ARTICLE{Geer2003,
author={P. Geerlings and F. Proft, De and W. Langenaeker},
year={2003},
journal={Chem. Rev.},
volume={103},
pages={1793}
}

@ARTICLE{Alex2005,
author={A. N. Alexandrova and A. I. Boldyrev},
year={2005},
journal={J. Chem. Theory Comput.},
volume={1},
pages={566}
}

@ARTICLE{Moll1934,
author={C. {M\o ller} and M. S. Plesset},
year={1934},
journal={Phys. Rev.},
volume={34},
pages={618}
}

@INBOOK{Asim2010,
author={I. Asimov},
year={2010},
title={Breve Historia de la Qu\'imica},
chapter={8},
publisher={Alinza editorial},
address={M\'exico},
edition={Tercera},
pages={168-169}
}

@ARTICLE{Shar2013,
author={V. Shrama and F. B\"ohm and M. Seitz and G. Schwaab and M. 
Havenith},
year={2013},
journal={Phys. Chem. Chem. Phys.},
volume={15},
pages={8383}
}

@ARTICLE{Olse1996,
author={J. Olsen and O. Christiansen and H. Koch and P. {J\o rgensen}},
year={1996},
journal={J. Chem. Phys.},
volume={105},
pages={5082}
}

@INBOOK{Toni1989,
author={I. Tonico, Jr. and K. Sauer and J. C. Wand},
year={1989},
title={Physical Chemistry Principles and Applications in Biological
Sciences},
chapter={12},
publisher={Prentice-Hall},
address={EEUU},
edition={Segunda},
pages={658-660}
}

@ARTICLE{Mene2012,
author={C. Menghini and F. Bardelli and S. Mobilio},
year={2012},
journal={Nuclear Instruments and Methods in Physics Reserch B},
volume={285},
pages={153}
}

