@ARTICLE{Buzk2011,
author={V. Buzko and I. Sukhno and A. Polushin and D. Kashaev},
year={2011},
journal={Int. J. Quantum Chem.}, 
volume={111},
pages={11}
}
 
@ARTICLE{Ciup2010,
author={J. Ciupka and X. Cao-Dolg and J. Wiebke and M. Dolg},
year={2010},
journal={Phys. Chem. Chem. Phys.},
volume={12},
pages={13215}
}

@ARTICLE{Kuta2010,
author={J. Kuta and A. E. Clark},
year={2010},
journal={Inor. Chem.},
volume={49},
pages={7808}
}

@ARTICLE{Ishi2002,
author={S. Ishiguro and Y. Umebayashi},
year={2002},
journal={Coord. Chem. Rev.},
volume={226},
pages={103}
}

@ARTICLE{Hamm2008,
author={A. D. Hammerich and V. Buch},
year={2008},
journal={J. Chem. Phys.},
volume={128},
pages={111101}
}

%\bibitem[4]{Alle2000} A. G. Allen, J. J. Bucher, D. K. Shuh, N. M. Edelstein y I. Craig, 
%{\em Inorg. Chem.} {\bf 39}: 595 (2000).

%\bibitem[5]{Yama1988} T. Yamaguchi, M. Nomura, H. Wakita, H. Ohtaki, 
%{\em J. Chem. Phys.} {\bf 89}: 5153 (1988).

%\bibitem[6]{Gerk1984} R. E. Gerkin y W. J. Reppart {\em Acta Crystallogr.} {\bf C40}: 781 (1984).
 

%\bibitem[8]{CaoD2002} X. Cao y M. Dolg {\em J. Mol. Struc. (Theochem)} 
%{\bf 581}: 139 (2002).

%\bibitem[9]{Dolg1989} M. Dolg, H. Stoll, A. Savin y H. Preuss {\em 
%Theor. Chim. Acta} {\bf 75}: 173 (1989).

%\bibitem[10]{Dolg19892} M. Dolg, H. Stoll y H. Preuss {\em J. Chem. 
%Phys.} {\bf 90}: 1730 (1989).

%\bibitem[11]{Cund1992} T. R. Cundari y W. J. Stevens {\em J. Chem. 
%Phys}{\bf 98}: 5555 (1992).

%\bibitem[12]{Dang2012} P. D'Angelo y R. Spezia {\em  Chem. Eur. J.}
%{\bf 18}: 11162 (2012).


%\bibitem[14]{Bunz2006} G. B\"unzli {\em Acc. Chem. Res. } {\bf 39}: 
%53 (2006).

%\bibitem[15]{Yang2005} J. Yang y M. Dolg {\em Theor. Chem. Acc.} 
%{\bf 113}: 212 (2005).

%\bibitem[16]{Dunn1989} T. H. Dunning, Jr. {\em J. Chem. Phys.} 
%{\bf 90}: 1007 (1989).

%\bibitem[17]{Grim2003} S. Grimme {\em J. Chem. Phys} {\bf 118}: 9095 
%(2003).

